1697 2922
311 224 343 238 .—
370 174 456 243 33}

52 334 119 376 nem,
140 331 245 378 tanquam
259 316 353 362 orationi
368 332 415 360 non
434 315 614 372 convenientem,
633 318 723 381 impro-

50 400 104 444 bare
120 398 234 442 debemus.

63 510 65 513 v
79 480 125 526 Alii
138 486 217 533 πνεῦμα
228 464 382 523 intellcirerunt
396 479 510 535 spiritum
525 478 550 522 in
563 494 650 536 genere.
675 479 731 523 Ita-2

50 575 94 623 que
109 564 164 615 todo}
180 575 206 604 ex
227 558 275 616 lege
298 559 452 617 disjunctionis
472 559 597 617 significet,
622 575 725 619 empne,

49 656 137 686 neeesse
152 652 190 684 est.
221 638 288 684 Unde
305 639 342 684 hic
360 639 560 684 nascitursensus:
582 640 668 684 Simile
688 641 724 683 oi-

50 723 105 766 mile
117 722 216 780 gignite
233 737 245 764 e
261 708 332 765 carne
346 721 460 779 gignitur
481 736 553 777 enro,
574 721 589 765 i.
606 728 652 766 e.'e
670 737 726 765 cor-

45 817 107 860 pore
123 815 263 857 corporeum
269 817 280 853 5
303 816 316 842 e
333 802 424 856 spiritu
443 788 526 844 nutem
539 801 653 858 gignitur
670 802 730 860 epi?

49 883 123 933 ritus,
138 880 154 922 i.
170 896 189 923 e.
209 895 238 922 eu
255 879 345 936 spiritu
360 878 488 933 spirituale
503 877 543 938 (1).
560 878 663 929 Servator
673 881 724 936 ¹igi-

48 971 85 1002 tur
103 957 248 1002 Nicodemum
270 956 350 1000 docere
373 955 484 1011 voluerit,
509 972 532 999 se
552 974 598 1001 non
616 958 678 1019 loqui
698 958 727 1003 de

43 1024 156 1092 naturali,
178 1036 217 1080 sed
233 1035 261 1080 de
277 1035 388 1097 spirituali
402 1037 557 1092 generatione.
589 1037 661 1098 Atqui
676 1038 727 1097 pri-

47 1134 119 1173 mum,
135 1119 154 1160 si
167 1117 233 1165 nobis
245 1129 345 1160 constare
361 1115 474 1171 volumus,
489 1124 569 1170 πνεῦμα
583 1116 633 1160 Μ.
648 1116 736 1163 eodem·

48 1196 133 1252 modo,¹
152 1212 178 1240 ae
194 1212 225 1240 vs.
242 1199 256 1241 5
279 1195 435 1255 explicandum
453 1208 497 1250 est,
517 1212 591 1255 neque
605 1196 728 1251 significare

48 1289 121 1338 potest
137 1277 252 1335 spiritum
273 1275 392 1333 ingenere
412 1274 451 1320 sed
473 1276 587 1334 spiritum
608 1276 728 1331 divinum,

49 1359 147 1421 quamvis
166 1350 270 1402 tatisiimo
292 1372 364 1400 sensu.
395 1354 481 1400 Deinde
496 1354 643 1412 Nicodamus,
659 1367 685 1401 ut
700 1354 739 1401 ad*

15 1495 17 1501 ,
49 1456 79 1485 vs.
98 1441 114 1486 4
132 1438 277 1493 ostendimus,
301 1437 354 1482 licet
371 1436 513 1499 metaphorae
536 1440 582 1484 vim
599 1456 647 1484 non
667 1457 730 1485 asses

49 1533 165 1582 queretur,
190 1532 262 1564 tamen
283 1518 339 1562 illud
364 1518 511 1582 intelligebat,
527 1520 612 1575 vJesum
630 1519 659 1564 de
680 1521 727 1567 im-

48 1601 140 1662 propria
161 1600 301 1656 generatione
315 1597 387 1658 loqui.
418 1598 495 1657 Itaque
516 1599 555 1643 tali
574 1597 739 1659 admonitione

47 1698 77 1726 ne
93 1696 148 1741 opus
164 1679 256 1739 quidem
271 1689 325 1723 erat.

78 1761 173 1806 Maxime
194 1771 266 1803 autem
287 1746 359 1821 placet
375 1776 450 1803 eorum
470 1760 526 1805 ratio
543 1759 591 1819 (2),
608 1760 649 1822 qui
661 1765 726 1816 σάρκα

47 1843 220 1902 interpretantur
240 1841 397 1906 vitiositatem
404 1858 414 1892 ,·
446 1856 502 1899 quae
531 1851 563 1884 est
588 1842 727 1886 usitatissima

49 1922 116 1980 hujus
140 1920 240 1967 vocabuli
267 1920 334 1963 notio.
374 1927 458 1975 Πνεῦμα
486 1931 558 1964 autem
584 1921 656 1981 priori
677 1920 726 1966 loco

48 2004 156 2061 significet
178 2004 293 2063 spiritum
313 2003 431 2057 divinum,
453 2000 519 2061 plane
537 2013 563 2045 ut
585 2018 616 2046 vs.
632 1991 670 2060 55ἱ
690 2002 726 2046 al-

50 2096 110 2139 tero,
134 2072 254 2127 meliorem
278 2081 380 2126 indolem
402 2097 448 2139 per
466 2076 530 2125 ltune
552 2082 667 2138 spiritum
686 2081 725 2141 ef-

44 2163 186 2226 finiendum.
208 2163 274 2225 :Nam
298 2161 374 2207 ultima
394 2160 446 2218 illa,
475 2167 524 2218 σάρξ
537 2166 581 2205 ἐστι
606 2174 628 2207 et
648 2147 733 2217 niev'nd,

53 2293 295 2306 —m

77 2375 108 2424 (1)
122 2376 154 2414 Sic
177 2376 284 2426 antiquitus
304 2376 465 2424 Chrysostotnus,
486 2390 497 2415 e
515 2375 656 2415 recentioribus
666 2375 727 2427 vEra-

51 2454 101 2480 antus
113 2443 139 2481 ad
152 2444 174 2484 h.
186 2445 202 2484 l.

75 2532 107 2580 (α)
121 2531 307 2580 GontKnapptus,
331 2532 344 2571 l.
357 2532 372 2573 l.
391 2547 470 2584 pcata.
494 2533 546 2573 Tum
558 2532 655 2579 anpiue
668 2531 727 2572 adh.

51 2602 67 2644 1.
78 2610 100 2641 et
113 2601 196 2647 Wolfius
208 2603 229 2641 in
245 2604 295 2643 eur.
320 2606 421 2644 Praeterea
433 2607 499 2643 Morus
513 2612 533 2643 et
546 2602 661 2641 Zachariae
673 2602 728 2655 apud

50 2676 173 2725 -Borgetutn,
186 2673 201 2715 l.
215 2674 230 2715 l.
242 2687 263 2727 p.
278 2678 321 2727 147.
334 2684 375 2718 not.
388 2677 406 2717 b.

547 2749 562 2795 5
