1697 2922
334 162 463 201 ...9-

60 294 88 324 cx
103 277 148 324 hoc
165 289 256 320 numero
272 274 349 332 fuisso,
374 273 446 332 colligi
461 283 525 336 posse
541 274 629 321 ridetur
644 294 670 322 ex
685 286 734 339 cop.'

61 346 128 408 XIX:
147 360 187 415 58,
209 358 249 402 ubi
269 373 319 402 cum
329 356 436 418 vlosepho
450 356 611 402 Arimatheensi
626 359 656 401 ita
674 376 732 404 con-

60 441 174 501 jungitur,
197 450 223 483 ut
241 450 334 499 uterque
353 435 451 482 occultus
465 438 516 481 Jesu
533 425 655 498 discipulus
669 438 735 483 fuisse

62 519 213 578 intelligam·
232 519 283 563 Fuit
295 520 362 577 igitur
377 530 482 562 nontam
497 508 614 563 malitiosus
632 529 657 562 ct
672 518 735 563 estu-

62 614 109 658 tus,
134 618 200 664 quam
223 598 402 662 potiusvtimidus
416 599 597 645 etmeticulosus.
628 600 738 646 Nonnulli

62 696 135 730 tamen
158 682 201 728 riri
220 681 280 726 docti
303 681 348 727 hoe
366 682 431 726 etiam
453 681 545 725 crimine
568 697 618 725 eum
640 681 736 725 liberare

61 765 134 809 eonati
148 763 252 822 santii).
276 761 325 806 Sed
338 761 394 821 quac
411 761 531 806 attulerunt
547 773 673 820 argumenta
690 762 736 806 no-'

60 860 128 891 stram
141 844 224 900 magis,
247 858 314 903 quam
330 842 433 901 ipsorum
451 842 581 885 sententiam
597 842 735 888 confirmasse

59 925 159 969 Primum
173 923 239 981 igitur
250 921 343 976 dicunt,
361 935 446 965 causam
456 937 504 965 cur
516 920 650 966 Nicodemus
668 938 737 973 noctu

59 1006 158 1060 venerit,
174 1006 197 1048 in
217 1020 243 1048 eo
261 1003 354 1047 maxime
370 1004 466 1063 positam
482 1002 563 1060 fuisse,
580 1003 641 1064 quod
657 1021 736 1065 spera·
789 1022 791 1024 ·

59 1094 114 1139 ret,
131 1100 153 1128 se
169 1094 216 1127 tum
230 1083 303 1126 Jesum
322 1082 407 1125 facilius
431 1082 640 1127 otiosum-nancisci
656 1099 734 1143 posse3

60 1165 144 1225 qnippe
164 1165 203 1225 qui
218 1162 332 1218 interdiu,
355 1175 378 1207 ct
401 1179 477 1221 magna
495 1164 608 1208 hominum
626 1155 746 1224 frequen-¹

59 1246 89 1288 tia
105 1246 206 1300 cinctus,
226 1255 254 1288 vet
271 1243 404 1305 plerumque
428 1242 512 1301 agendo
539 1243 670 1289 doeendove
695 1260 736 1288 oc-

60 1334 152 1387 cupatus
181 1336 244 1370 esset.
270 1348 300 1357 -
335 1325 407 1385 Atqui
433 1326 451 1369 si
477 1325 572 1369 Joenncs
596 1324 652 1369 nihil
676 1323 737 1368 aliud

59 1404 183 1460 significare
211 1402 329 1459 voluisset,
355 1404 424 1449 verbo
453 1403 529 1449 addito
557 1417 654 1449 mentem
675 1421 737 1449 suam

10 1488 12 1492 '
59 1483 177 1528 dilucidius
199 1482 308 1545 explicare
329 1485 445 1543 potuisset.
476 1483 562 1528 Deinde
577 1501 659 1541 nemo,
679 1487 735 1546 opi·
798 1477 801 1482 ’

59 1581 115 1618 nor,
146 1564 248 1622 negabit,
271 1562 316 1619 id,
335 1553 409 1624 'quod
429 1562 526 1619 volunt,
550 1564 603 1608 fieri
625 1567 737 1626 potuisse,

58 1645 98 1691 sed
121 1661 196 1692 revera
219 1646 250 1689 ita
276 1661 322 1690 sese
347 1661 395 1690 rem
422 1645 523 1690 habuisse
548 1646 624 1698 nullo,
648 1663 677 1690 ne
700 1646 737 1690 le-

58 1728 146 1773 vissimo
171 1725 277 1787 quidem,
305 1726 395 1785 vestigio
418 1726 535 1784 colligitur.
574 1728 651 1788 Itaque
676 1727 737 1771 nulla

59 1823 122 1851 causa
137 1805 255 1864 excogitari
270 1816 360 1866 potest,
385 1821 425 1849 cur
444 1805 502 1850 hanc
524 1808 671 1866 suspicionem
691 1796 737 1864 no-

59 1900 117 1933 strae
138 1886 285 1948 praeferamus
313 1888 447 1941 sentcntiae,
463 1885 535 1947 'quac
558 1879 655 1948 oliqnam
677 1900 736 1933 certe

61 1969 182 2027 argumenti
202 1969 298 2029 speciem
312 1984 366 2028 prae
380 1984 403 2012 se
420 1967 483 2011 ferat.
499 1989 528 2000 ··
549 1968 573 2012 Si
597 1970 646 2029 quis
664 1979 737 2012 autem

60 2047 182 2094 Nicodemi
196 2047 279 2102 factum
295 2048 326 2091 ita
346 2046 466 2091 defendere
486 2048 550 2102 velit,
571 2059 597 2091 ut
612 2047 736 2108 prudenter

61 2145 111 2174 cum
126 2127 202 2173 fecisse
217 2126 276 2173 dicat
289 2129 337 2189 (1),
360 2128 423 2190 quod
439 2128 571 2187 collegarum
585 2127 662 2174 odium
677 2129 734 2174 vitu-

65 2280 323 2293 Μ

89 2378 121 2424 (ι)
135 2378 272 2430 ΕιΆΙιῐῂοῐιιε,
290 2377 304 2416 l.
317 2377 332 2415 l.
357 2378 500 2428 Nieneyerus,
518 2376 686 2420 Kmnkterkunde
704 2377 738 2412 des

64 2447 146 2490 Bl'l'bels.
159 2439 216 2488 Tom.
229 2450 256 2491 V.
270 2462 291 2507 p,
305 2451 335 2503 95.
349 2460 404 2498 seqq.

90 2555 122 2606 (1)
137 2558 193 2598 Conf.
208 2572 256 2610 quos
268 2561 326 2600 modo
340 2560 422 2601 laudavi.
447 2562 501 2600 Idem
519 2565 656 2610 argumentum
673 2558 739 2608 inpri-

66 2627 102 2666 mis
115 2641 183 2680 urgere
199 2630 275 2671 videtur
294 2633 420 2683 nupcrrimus·
432 2630 530 2673 Nicodemi
549 2629 644 2668 defensor.
670 2630 690 2668 J.
709 2629 736 2675 Η,

578 2717 590 2745 2
