1697 2922
373 193 515 235 ...24-

111 311 139 355 de
155 327 196 370 qua
213 308 346 370 loquebatur
370 309 484 362 Servator,
511 308 658 364 regeneratio,
678 308 722 352 sive
743 307 779 352 illa

111 403 201 443 externa
216 408 258 453 per
273 392 416 452 baptismum,
440 392 485 434 sive
501 390 600 444 interna,
616 388 702 433 Judaeis
718 404 779 450 quo-

110 488 167 532 que,
186 488 231 515 nou
245 470 312 515 modo
327 468 452 514 Gentilibus
468 469 587 512 necessaria
606 482 675 514 esset.¹
689 471 781 514 'Inesset

110 553 177 610 igitur
190 553 215 595 in
229 549 344 595 Nicodemi
359 550 430 595 verbis
451 551 598 609 comparatio,
611 555 674 611 ³quae
691 551 779 611 epodo·
821 530 824 538 i

111 633 130 676 si
148 642 247 686 careret,
262 630 306 675 hoc
319 631 365 675 fere
377 629 443 675 modo
458 629 599 691 explicanda:
619 632 780 686 Quemadmo-

112 713 169 757 dum
183 711 247 771 fieri
263 712 361 771 nequit,
384 721 412 755 nt
433 711 501 753 tomo
519 711 618 755 adultas
637 714 662 755 in
687 721 783 756 atterum

112 795 198 838 matria
208 801 355 846 revertentem
372 793 407 837 eie
423 794 498 836 etium
508 791 571 851 fieri
585 780 681 852 nequit,
697 799 726 836 ut
740 793 768 836 t'll

113 875 263 933 regeneratio
277 873 379 918 Judaez's
391 863 483 933 qnoque
497 874 634 917 necessaria
647 873 692 927 eit,
709 874 782 932 quip-

110 972 141 1014 pe
155 956 270 999 Etimicie
290 956 346 999 solis
371 955 494 997 destinata
509 954 549 1013 (t).
582 954 644 1013 Quae
659 941 721 997 'ratio
744 969 784 995 cur

113 1036 179 1079 nobis
197 1037 269 1078 minus
289 1034 416 1093 probetur,
440 1049 520 1094 perse
541 1031 677 1089 intelligitur.
713 1034 785 1086 Nam,

113 1127 188 1159 nostra
211 1131 242 1159 vs.
263 1117 277 1159 5
299 1107 444 1173 explicatione
461 1112 566 1171 admissa,
587 1129 622 1156 res
643 1113 692 1173 ipsa
709 1112 785 1172 loqui-

113 1206 163 1251 tur,
183 1195 235 1237 Jesu
257 1192 429 1237 admonitionem
453 1207 500 1235 nou
527 1191 555 1235 ad
576 1179 670 1236 iudaeos
689 1186 787 1249 tantum,

114 1274 154 1319 sed
168 1273 196 1317 ad
212 1290 285 1318 onmes
300 1275 391 1318 omnino
408 1273 507 1317 homines
523 1274 641 1332 pertinere.
674 1272 719 1317 Sed
734 1272 783 1316 alias

115 1356 180 1399 etiarn
192 1354 228 1399 illa
240 1355 347 1397 sententia
362 1354 429 1398 hahet
449 1353 591 1398 difficultates.
622 1353 679 1396 Nam
694 1369 786 1409 magno-

114 1453 169 1497 pere
180 1451 269 1490 vereor,
288 1451 318 1477 ue
334 1451 376 1494 per
390 1450 437 1477 eam
450 1433 536 1477 iudaeis
555 1433 662 1491 ejusmodi
679 1432 787 1490 cogitandi

114 1500 170 1560 ratio
187 1516 308 1568 tribuatur,
332 1530 388 1574 quae
404 1512 447 1556 illis
460 1514 552 1573 propria
568 1513 634 1556 fuisse
649 1529 697 1556 nou
708 1512 786 1556 videa-

114 1606 159 1639 tur.
194 1595 283 1637 Etenim
298 1594 404 1637 Joannem
422 1594 448 1637 B.
472 1592 564 1637 eandem
584 1594 786 1650 regenerationem,

117 1686 229 1718 externam
250 1686 271 1717 et
291 1675 411 1727 internam,
440 1674 554 1729 jubentem
576 1689 691 1733 nunquam
708 1672 741 1715 illi
758 1673 789 1716 sic

116 1753 321 1815 reprehenderunt,
337 1766 362 1797 ut
376 1752 488 1796 dicerent:
512 1754 579 1797 nobis
594 1752 681 1796 Judaeis
695 1752 731 1796 illa
747 1769 787 1796 re·

116 1836 253 1892 generatione
267 1850 312 1877 non
327 1850 384 1893 opus
397 1845 442 1890 est3
459 1833 498 1877 sed
511 1834 567 1877 illud
581 1834 600 1877 ei
616 1834 714 1889 objicere
727 1833 787 1877 sole-

116 1913 186 1967 bant,
210 1912 271 1972 quod
293 1913 352 1955 nulla
377 1916 502 1959 auctoritate
525 1913 615 1957 doceret
640 1930 666 1957 ac
686 1914 788 1974 baptiza-

117 2004 159 2037 ret.
187 1992 255 2037 Geni.
270 1993 346 2038 Joann.
363 1995 386 2038 I:
405 2012 499 2055 19-27.
515 1994 594 2040 Matth.
611 1995 654 2038 ltt:
673 2012 693 2054 7.

147 2074 197 2116 Non
215 2074 280 2130 igitur
300 2073 425 2119 dubitamus
446 2077 544 2119 assentiri
559 2076 601 2129 iis,
624 2076 664 2136 qui
679 2076 708 2118 ita
725 2075 786 2119 bunc

118 2167 203 2198 versum
210 2154 334 2213 accipiunt,
350 2172 374 2199 ac
389 2158 407 2198 si
421 2155 554 2199 Nicodemns
570 2157 643 2199 Jesum
655 2172 700 2199 non
714 2153 784 2198 iutel-

116 2231 208 2276 lexisset.
239 2232 278 2277 Ille
292 2245 362 2276 autem
375 2236 490 2294 propriam
507 2237 625 2280 verborum
640 2234 785 2292 significatio-

116 2328 167 2356 nem
183 2313 288 2371 arripuit‚
314 2324 360 2357 tum
379 2331 407 2358 ne
426 2327 501 2374 aperte
520 2317 665 2372 ignorantiam
683 2313 786 2374 profiteri

118 2404 242 2449 cogeretur,
259 2403 343 2439 tumui
354 2393 427 2437 Jesum
439 2393 600 2440 addicendum
612 2393 739 2438 eliceret-
755 2396 786 2440 At
816 2384 822 2386 i

116 2500 347 2517 ——11--——-—

142 2564 174 2610 (r)
189 2566 243 2603 Conf.
263 2568 382 2614 Kitnppins,
398 2567 412 2607 l.
428 2569 441 2607 l.
457 2583 478 2620 p.
491 2585 537 2613 2¹2·
562 2572 692 2621 Kitanaura,
711 2574 724 2612 l.
738 2575 749 2611 l,
762 2589 783 2625 p.

117 2636 160 2692 236,
187 2635 325 2683 Tullianum,
339 2638 351 2676 l.
366 2637 381 2676 l.
395 2651 414 2688 p.
430 2643 471 2679 114.
497 2642 608 2690 Botgerna,
623 2645 637 2681 Ι.
650 2643 663 2681 l.
676 2657 697 2694 p.
713 2648 754 2694 139.
