1697 2922
372 186 501 225 ..8-

103 300 165 345 diosc
184 290 344 357 observarunt,
360 304 378 347 si
395 303 451 364 quid
465 304 522 349 sorte
536 301 634 359 diecret,
657 303 716 360 cujus
735 319 773 346 ae·
818 359 822 366 .

104 381 173 424 cusani
189 392 270 442 posset.
302 382 365 427 Conf.
381 375 462 428 Matris,
474 384 556 429 XXII:
574 387 609 430 15.
631 384 701 428 Marc.
715 380 772 425 XII:
819 398 823 403 “

104 464 140 506 15.
160 461 216 507 Luc.
234 461 270 506 X:
288 465 324 506 25.
346 461 391 508 XI:
418 465 463 517 55,
479 463 516 509 54.
539 462 598 515 XX:
617 477 653 508 20.
684 462 773 521 Quare,

103 556 150 602 quo
162 542 245 586 facilius
259 542 303 585 hoe
315 541 410 598 faceret,
422 558 473 586 eum
486 554 554 586 noctu
565 541 593 586 ad
600 544 673 586 Jesum
685 543 776 586 venisse.

104 621 167 683 Quae
183 624 303 679 sententia,
323 639 366 669 nec
380 623 455 668 validis
474 624 554 668 nititur
572 624 718 681 argumentis,
737 637 778 665 nec

104 702 198 747 multum
216 703 261 748 loci
280 705 351 750 nostri
372 705 577 766 interpretationem
592 703 695 762 adjuvare
712 701 778 747 vide-

104 796 148 828 tnr.
179 785 297 828 Enimvero
316 784 335 828 si
356 785 418 829 iesus
439 769 586 829 Nicodemum
609 786 639 828 ita
659 785 779 829 animatum

105 879 151 908 esse
173 863 334 923 judicavisset,
363 880 392 909 ne
414 865 562 921 dubitemus,
594 867 649 927 quin
671 880 722 908 eum
744 874 781 907 aut

105 944 179 989 statim
202 944 335 1000 dimisisset,
369 957 406 989 aut
427 946 511 1001 gravius
541 946 605 989 etiam
628 945 780 1006 increpuisset.

105 1026 172 1071 Nune
197 1042 248 1070 vero
268 1029 321 1069 ‘eum
337 1026 367 1069 ita
385 1028 500 1082 tractavit,
522 1042 570 1070 non
585 1037 611 1069 ut
627 1042 694 1086 quem
708 1024 780 1069 maxi-v
844 1076 845 1080 Ἰ

107 1120 142 1148 me
163 1105 289 1164 probabat,
319 1102 358 1148 sed
378 1116 404 1148 ut
422 1122 489 1166 quem
510 1104 635 1150 docendum
656 1105 781 1149 admonen-

106 1182 206 1244 dumque
224 1183 367 1227 existimabat.
407 1185 453 1229 Sed
476 1185 578 1230 nolumus
603 1186 668 1247 plura
689 1185 784 1242 afferre,

108 1280 160 1308 cum
176 1265 218 1309 viri
236 1263 296 1308 docti
315 1262 374 1309 hanc
397 1268 528 1310 sententiam
547 1254 645 1310 certatim
665 1266 783 1326 improba-

108 1343 181 1388 verint
195 1355 218 1388 et
232 1343 375 1388 refutaverint
390 1344 430 1405 (1).
458 1344 521 1406 Quid
537 1346 621 1405 igitur?
644 1347 741 1391 Maxime
756 1344 785 1389 ad

108 1423 320 1470 verisimilitudinem
340 1425 445 1471 accedere
465 1428 531 1471 nobis
558 1427 672 1483 videmur,
694 1428 713 1470 si
734 1442 785 1470 cum

104 1506 222 1569 ‚plerisque
242 1508 400 1567 interpretibus
422 1508 455 1568 (2)
485 1507 617 1564 statuamus,
641 1506 786 1552 Nicodemum

109 1586 160 1631 ideo
176 1586 306 1631 clanciuium
322 1586 349 1631 ad
363 1589 436 1631 Jesum
451 1589 545 1644 venisse,
561 1604 590 1631 ne
605 1589 630 1631 in
645 1587 721 1631 odium
737 1585 786 1630 col-

110 1649 208 1723 legarum
220 1668 350 1710 incurreret.
366 1667 428 1727 Quae
441 1668 496 1712 ratio
511 1667 546 1713 vel
557 1666 610 1711 ideo
623 1666 707 1728 placet,
725 1665 787 1727 quod

111 1747 204 1790 Joannes
224 1763 272 1806 cap.
292 1747 349 1791 XII:
373 1749 414 1803 42,
436 1747 516 1792 diserte
534 1758 626 1793 narrat:
644 1751 696 1801 ὅμως
714 1750 785 1799 μέντοι

111 1832 145 1868 καὶ
161 1830 184 1868 ἐκ
200 1832 239 1868 τῶν
256 1828 358 1881 ἀρχόντων
374 1833 445 1869 πολλοὶ
464 1831 582 1869 ἐπίστευσαν
598 1832 628 1873 εἰς
645 1829 716 1867 αὐτόν’
735 1826 785 1864 ἀλλὰ

113 1905 147 1943 dcci
165 1910 213 1949 τοῦς
225 1910 345 1957 Φαρισαίους
363 1907 403 1955 οὐχ
416 1907 535 1960 ὡμολόγουν.
556 1899 701 1949 Nicodemum
716 1913 787 1945 autem

138 2167 170 2215 (1)
184 2165 240 2203 Conf.
253 2166 370 2216 Knappius,
388 2167 403 2208 i.
412 2168 427 2207 l.
438 2182 458 2218 p.
466 2184 509 2207 noc.
523 2168 654 2215 Kuiucelius,
667 2167 692 2205 ad
709 2164 751 2203 h.l‚
764 2177 787 2214 p.

113 2248 157 2283 2¹7·
182 2237 326 2283 Borgeruet.
339 2237 353 2276 l.
371 2250 393 2288 p.
411 2241 454 2278 205.
472 2246 513 2278 not.
527 2251 545 2279 e.
573 2240 711 2284 Τίηηιαιινιιιε,
725 2236 788 2271 Mele-

114 2311 159 2345 tem.
174 2307 230 2345 Suet:
243 2318 267 2366 p,
280 2320 323 2356 107.

139 2432 167 2483 (α)
180 2434 238 2473 Conf.
248 2434 341 2481 Grotius,
355 2435 474 2484 Kuzfnoelius
483 2443 502 2472 et
509 2437 600 2482 Largius
611 2435 636 2473 ad
646 2433 669 2473 h.
677 2433 692 2473 l.
701 2433 788 2470 Schmid-

114 2505 165 2551 tins,
179 2504 194 2542 l.
207 2505 221 2544 Ι.
247 2505 359 2552 Borgcrue,
372 2504 387 2544 i.
399 2504 414 2543 l.
426 2518 448 2556 p.
462 2509 505 2546 104.
519 2514 560 2544 not.
569 2506 588 2555 f.
613 2506 729 2553 Kncppz'us,
744 2505 758 2544 l.
771 2505 786 2542 l.

112 2587 133 2624 p.
148 2588 193 2614 202.
213 2576 354 2622 Tittmunnus,
372 2575 386 2613 l.
401 2574 415 2614 1.
428 2588 450 2625 p,
465 2581 508 2614 283.
521 2576 572 2615 Vide
585 2576 641 2616 etiarn
660 2589 708 2628 quos
721 2575 786 2613 laudat

113 2644 239 2692 Liglttfootus
252 2645 272 2683 in
284 2646 335 2684 Her.
348 2645 412 2685 Hetr.
425 2646 484 2685 adh.
498 2646 512 2685 l,
