1697 2922
326 154 469 221 -ρι-

65 293 104 337 etsi
127 293 173 337 aliis
194 291 226 336 vel
250 290 396 338 dirimendam
416 293 450 338 vel
470 294 643 353 componendam
660 294 732 338 relin-

64 391 125 436 quo,
147 371 176 415 ad
197 388 244 417 eam
266 385 339 418 tamen
359 376 488 420 sententiam
509 376 654 437 potissimum*
666 392 730 420 acce-

63 454 110 510 do,
133 469 177 515 qua
197 451 234 499 ille
253 455 373 518 baptismus
392 469 443 517 post
457 450 513 502 Jesn
531 456 620 501 demum
636 464 732 500 'aetatem

63 536 153 593 viguisse
167 536 277 581 statuitur.
307 538 394 582 Etenim
408 537 483 595 nulla,
505 537 569 600 quod
585 539 664 592 sciam,
687 539 732 595 ejus

63 618 147 663 mentio
168 617 279 663 invenitur
300 619 402 665 inlibris
420 612 578 682 Apceryphis‚
603 633 626 666 et
640 619 669 663 N·
681 610 731 673 vT„

63 717 106 745 nec
127 701 191 746 etiam
216 701 276 762 apud
298 702 413 749 Philonem
429 715 473 748 aut
490 702 616 763 Josephum.
654 700 735 744 Omnis

63 782 135 841 igitur
144 782 210 842 hujus
225 784 259 826 rei
273 784 349 828 notitia
363 783 459 845 petenda
479 796 512 827 est
526 800 553 827 ex
566 783 629 826 libris
644 782 733 826 Rabbi-

63 878 161 920 norum3
190 877 285 923 quorum
307 863 565 924 auctoritas'sanequam
586 854 741 918 angarians

63 959 114 988 cum
138 954 239 997 constet,
261 958 299 987 eos
321 958 409 1004 semper
428 941 453 987 id
475 942 608 997 studuisse‚'
624 934 651 986 rit
672 944 734 986 novis

62 1023 154 1078 vitibus,
179 1039 233 1085 quos
252 1024 296 1084 ipsi
306 1041 307 1044 ¹
317 1013 505 1081 excogitaverant,
531 1041 598 1085 quam
607 1052 611 1057 ·
619 1022 735 1066 maximam

63 1105 209 1150 attribuerent
224 1106 384 1168 antiquitatem.
399 1130 428 1141 -
451 1106 499 1150 Jam
514 1122 541 1151 ex
556 1106 616 1151 hisce
631 1108 734 1149 omnihus

19 1191 21 1194 ’
61 1186 208 1248 intelli-gitur,
235 1203 275 1232 cur
295 1187 351 1232 non*
367 1188 507 1233 assentiamur
529 1188 571 1242 iis,
596 1188 635 1248 qui
657 1190 734 1228 ἄνωθεν

61 1275 171 1321 γεννᾶσθαι
190 1270 204 1312 i.
221 1286 244 1328 q.
260 1272 394 1321 βαπτίζεσθαι
416 1286 461 1314 esse
485 1267 626 1312 contendant.
646 1257 735 1326 'Neque

62 1363 115 1393 vero
130 1347 186 1391 illud
201 1359 261 1392 recte
276 1349 380 1403 sumitur,
401 1348 459 1392 illam
473 1348 590 1393 formulam
605 1360 659 1391 tuno
674 1359 734 1391 tem-

61 1429 123 1489 poris
145 1428 241 1473 Judaicis
264 1427 394 1474 doctoribus
422 1427 531 1487 vulgarem
555 1441 577 1473 et
600 1446 639 1473 usn
661 1429 736 1472 tritam

61 1509 127 1553 fnisse
140 1508 181 1569 (r).
213 1510 329 1553 Caeterum
344 1510 454 1571 aptissime
478 1509 519 1555 hac
540 1511 671 1571 metaphora
691 1509 735 1554 hoc

61 1588 110 1634 loco
125 1605 176 1634 usus
191 1602 223 1636 est
238 1589 359 1645 Servatur,
379 1605 444 1645 cum,
461 1607 517 1651 quae
531 1592 583 1635 scita
598 1603 629 1634 est
644 1590 736 1647 Borgeri

61 1670 218 1715 animadversio
240 1671 289 1730 (2),
314 1669 375 1715 nulla
394 1670 462 1715 dictio
484 1681 529 1714 tam
553 1681 607 1732 apta·
626 1662 685 1715 esse't'
707 1668 736 1713 ad

60 1752 175 1797 Nicotemi
190 1753 317 1811 superbiam
331 1752 486 1811 pungendum,
508 1768 574 1812 qnam
585 1768 643 1796 *eum
658 1751 734 1795 demto

62 1835 144 1887 nesci,
159 1832 174 1875 i.
191 1848 210 1875 e.
222 1848 329 1891 prienam
341 1832 401 1889 fieri
418 1832 509 1875 stetere.

92 1914 169 1958 Unum'
186 1923 266 1967 restat,
289 1923 314 1956 ut
327 1911 455 1966 videamus,
480 1911 565 1973 qualem
585 1911 734 1969 regeneratio-

62 2011 113 2038 nem
128 1994 152 2038 h.
167 1992 183 2038 l.
198 1993 321 2041 Nicodemo
339 1992 524 2040 commendaverit
541 1994 651 2039 Servator.
667 1994 734 2036 Non-

63 2067 125 2118 nulli
141 2091 188 2118 eam
216 2075 312 2119 strictius
333 2076 521 2136 interpretantur,
552 2073 580 2119 de
604 2069 735 2134 opinionum

64 2172 138 2201 errore
161 2155 306 2214 corrigendo;
331 2167 356 2202 ut
378 2155 486 2216 ejusmodi
500 2157 686 2214 regenerationem
701 2155 734 2197 si-

67 2277 300 2291 ’ἡ

65 2352 148 2397 stionem
159 2354 255 2401 breviter,
271 2352 305 2391 sed
318 2360 419 2399 accurate,
430 2353 520 2392 tractavit
531 2354 648 2401 Knoppius,
666 2350 688 2386 V
687 2351 742 2386 orle-⁴

66 2434 139 2471 surgen
156 2425 204 2461 niet·
223 2423 255 2462 die
277 2423 396 2461 ctrtsrttate
415 2424 569 2463 Gtaabevatetre
588 2432 623 2464 etc.
641 2423 697 2462 Tem.
709 2422 735 2461 11.

66 2505 88 2544 p,
100 2494 138 2542 449
144 2522 150 2541 ,
164 2506 218 2544 seqq.

94 2572 123 2622 (ι)
139 2573 209 2613 Eadem
221 2583 250 2614 est
263 2574 358 2615 sententia
370 2575 442 2614 Lc'c'cit'i
448 2604 454 2624 ‚
468 2575 480 2614 l.
492 2574 507 2613 l.
520 2587 542 2624 p.
553 2575 598 2623 571.

95 2654 125 2701 (2)
139 2651 152 2693 l.
167 2651 179 2690 l.
194 2667 212 2702 p.
228 2668 268 2701 127.
