1697 2922
327 167 469 221 ..25-

60 295 103 343 fuit
122 295 214 342 formula
234 295 284 353 ilia,
308 300 385 340 ἄνωθεν
397 301 522 352 γεννηθῆναι,
534 291 628 338 Judaicis
650 291 733 336 docto-

60 380 122 423 ribus
148 393 256 438 perquam
275 377 353 423 nsitata
371 388 438 439 atque
461 376 603 422 solennis.·-
625 374 673 417 Hoc
693 390 734 420 ve-

39 476 105 514 ro,
135 469 160 502 ut
182 475 249 519 supra
276 441 389 516 viilimns,
421 456 503 504 temere
530 456 638 510 sumitur,
662 471 735 513 neque

6 598 8 601 ι
60 539 153 601 probari
174 552 253 601 potest.
270 544 300 573 -’
320 542 352 587 At
372 557 423 598 res,
448 557 514 602 quam
534 540 595 583 Jesus
619 537 660 581 hae
678 533 734 578 ¹sor·
763 524 765 526 ¹

60 617 119 664 mula
139 620 302 678 significabat,
335 621 369 667 ad'
387 620 557 680 intelligendum
583 631 630 665 erat
654 615 736 662 thuilli-

60 718 96 746 ma
114 700 166 761 (r).
183 726 212 735 ·-
230 703 345 761 Etiamne,
370 705 389 748 si
416 704 489 749 verbis
514 702 574 747 haud
595 704 626 746 itu
646 701 737 762 perspi-

62 783 107 826 cuis
130 785 310 843 proponeretur?
340 782 421 843 Quid?
443 781 504 843 quod
528 781 565 825 illa
578 783 626 842 ipsa
644 797 679 825 res
693 779 738 822 Ju-

61 861 135 917 daeis,
158 862 290 922 quibuscum
308 863 370 905 Jesus
388 861 489 916 vivebat,
512 876 571 905 nova
586 875 678 920 prorsus
692 871 739 903 erat

61 951 128 1000 atque
149 931 254 985 iniudita.
287 923 354 985 Conf.
378 941 459 985 Metth.
476 940 528 987 XV:
553 940 632 985 1-14.
655 940 685 984 V:
700 954 737 984 20.

60 1022 135 1067 XXIII
151 1022 191 1082 (ν).
222 1024 326 1068 Potestne
348 1023 415 1081 igitur
432 1024 515 1067 mirum
530 1021 615 1077 videri,
638 1019 737 1066 Nicode-

61 1118 121 1145 mum
131 1118 179 1145 non
196 1101 340 1158 intellexisse,
354 1102 441 1164 qualem
451 1104 637 1161 regenerationem
648 1100 737 1161 signifif

61 1193 122 1225 earet
136 1182 215 1227 Jesust
225 1178 262 1214 -’
272 1182 317 1229 Sed
328 1183 438 1228 veniamus
454 1182 483 1227 etl
495 1182 567 1237 iilud,
586 1182 650 1244 quod
664 1182 737 1226 mexi-

62 1278 98 1306 me
113 1274 211 1309 nostrum
230 1263 362 1307 sententiam
375 1261 461 1308 videtur
477 1261 617 1307 confirmare.
650 1260 740 1320 Saepis-

63 1343 117 1386 sime
135 1343 196 1387 Iesus
216 1341 322 1404 quaedam
341 1342 455 1387 doetrinae
476 1360 526 1389 snae
542 1344 625 1404 capita,
649 1341 741 1386 eadem-

64 1439 108 1484 que
130 1441 172 1483 per
194 1440 217 1467 se
243 1423 271 1466 ad
292 1421 461 1481 intelligendum
484 1424 546 1467 baud
568 1422 677 1478 difficilia,
700 1439 742 1482 per

64 1503 205 1563 metaphoras
233 1514 256 1546 et
279 1504 383 1559 imagines
411 1504 546 1548 enuntiabat.
584 1506 679 1557 Causae,
702 1518 743 1546 eur

64 1585 94 1627 ita
115 1583 206 1639 fecerit,
228 1582 309 1628 multae
333 1600 415 1646 eaeque
436 1585 570 1641 gravissimae
591 1583 666 1627 afferri
685 1598 742 1643 pos-

63 1675 131 1719 sunt,
161 1680 236 1708 verum
260 1662 285 1706 id
306 1680 368 1707 nune
395 1680 441 1706 nou
465 1664 604 1725 quaerimus3
629 1661 669 1707 sed
695 1674 743 1707 tum

63 1760 150 1805 semper
165 1743 210 1788 fere
220 1743 328 1788 ¹homines
347 1744 466 1789 servatoris
481 1756 578 1789 mentem
593 1760 639 1787 non
654 1742 752 1786 inteltt-'

64 1826 156 1881 gebant,
172 1824 242 1886 idque
260 1826 290 1868 ita
307 1824 353 1869 fere
367 1825 533 1884 significabant,
554 1836 580 1867 ut
595 1824 665 1868 verba'
679 1826 741 1881 ejus,

59 1906 128 1967 -quasi
141 1906 232 1966 proprie
250 1904 308 1948 dieta
321 1918 408 1961 essent,
431 1907 562 1966 acciperent.
594 1904 679 1948 Horum
695 1903 740 1948 ho-

65 1987 150 2029 minum
177 2002 228 2029 eum
251 1985 373 2030 Nicodemo
399 1984 520 2030 similitudo
542 1985 654 2028 neminem
674 1984 744 2028 latere

66 2076 147 2126 potest.
178 2064 267 2124 Quidni
282 2066 349 2123 igitur
367 2065 424 2109 illius
443 2066 510 2109 verba
528 2064 607 2110 eodem
619 2064 687 2109 modo
701 2066 740 2107 in-

65 2148 230 2206 terpretemur?
248 2170 277 2182 -·
308 2146 439 2204 Huiusmodi
465 2158 537 2191 autem
559 2146 659 2207 exempla
682 2144 743 2205 epntl

66 2225 164 2287 reliquos
180 2226 326 2283 Euangelistes
338 2245 386 2273 non
401 2230 544 2289 reperiuntur
558 2230 609 2287 (nisi
621 2228 679 2273 forte
692 2227 742 2287 quis

4 2316 5 2319 ’
67 2304 113 2348 hue
128 2302 211 2351 referre
224 2305 287 2362 vetit,
310 2307 373 2368 quod
388 2320 463 2353 narrat
478 2308 559 2354 Mattb.
574 2309 642 2356 XVI:
660 2312 742 2356 5-12-

68 2425 299 2441 anna—w

94 2499 126 2545 (ι)
141 2487 197 2541 conf}
211 2489 310 2551 Koppius,
329 2504 344 2545 l.
357 2506 371 2546 1.

96 2570 127 2616 (2)
142 2570 198 2611 Conf.
217 2574 295 2612 omnino
313 2577 430 2626 Knappius,
448 2577 462 2617 l.
480 2578 493 2617 l.
511 2592 532 2629 p.
546 2561 622 2627 unslet
639 2582 686 2625 25o‚
707 2579 742 2629 (1Πῖ

70 2641 147 2692 copiose
160 2640 199 2680 hoe
212 2643 355 2687 demonstravit.

547 2722 564 2765 4
