1697 2922
370 181 513 220 -10-

104 303 152 347 ret,
174 294 192 334 is
208 293 282 352 ipsum
296 296 403 341 loannem
418 299 498 342 erroris
517 282 616 342 accusare
633 298 705 343 dehet.
736 298 778 344 Hic

104 373 176 428 enim,
193 375 232 435 qui
246 378 339 422 istorum
351 389 476 438 temporum
492 383 585 423 rationes
602 380 670 432 multo
685 378 776 434 melius,

104 469 171 513 quam
191 472 233 499 nos
257 463 415 513 cognoverat,
428 459 466 502 hic
481 461 561 516 igitur,
575 476 632 521 cap.
654 460 778 522 ΧΠΓ42,1

102 532 151 579 loco
167 539 211 593 jam
226 523 405 597 supralaudato,
423 540 549 600 Pharisaeos
564 540 627 596 illos,
643 543 688 602 ,qui
704 542 778 585 Jesum·

103 616 189 659 occulte
202 618 356 675 sectabantur,
377 635 424 663 non
438 600 543 680 tanquam
557 620 677 681 prudentes
692 621 777 677 laudat,-

101 695 141 739 sed
162 708 239 753 contra
251 700 350 754 graviter
364 699 524 759 reprehendit,
550 700 612 760 quod
619 696 727 757 κῆγάπήὰαν
741 708 776 756 τῂν

104 781 163 822 δόξαν
177 782 216 818 τῶν
229 781 339 835 daducium
351 783 437 832 μᾶλλον,
450 782 499 834 ἢπερ
513 783 548 831 τήν
560 784 620 825 δόξαν
632 788 669 821 τοῦ
682 788 779 826 deod-e,

100 856 147 899 Nec
168 853 389 919 reliqua‘3Ni'codemi
410 859 464 913 vita,
487 869 513 902 ut
533 858 601 903 voluit
621 860 777 919 Niemeycrus,

103 937 215 995 ostendit,
232 953 281 983 eum
297 955 343 983 nou
357 938 507 984 meticulosum
519 940 591 984 fuisse.
606 940 662 991 Nam
678 939 776 982 cumde-

101 1034 148 1063 sum
168 1020 193 1062 in
217 1032 292 1064 senatu
315 1019 457 1076 defenderet,
483 1021 540 1064 conf.
558 1022 638 1064 loann.
658 1021 777 1073 V11250,

99 1099 233 1144 haesitanter
245 1099 269 1143 id
283 1101 351 1156 fecit,
375 1112 397 1143 et
418 1099 511 1157 collegas
528 1101 718 1161 oblique-tanturn
737 1100 776 1143 ie-

99 1180 225 1242 prehendit.
255 1182 292 1226 Et'
305 1199 355 1226 cum
375 1183 403 1226 ab
423 1184 449 1227 iis
465 1182 541 1226 durius
559 1185 708 1242 acciperetur,
729 1195 776 1226 sta-

99 1266 140 1308 tim
154 1282 167 1307 a
181 1265 295 1326 proposito
313 1263 407 1320 destitit,
431 1276 453 1308 et
474 1280 561 1319 causae,
585 1280 652 1324 quam
670 1280 777 1324 suscepe-

98 1359 148 1403 rat,
167 1331 315 1407 patrocinium
334 1344 446 1389 desernit..
469 1345 515 1401 Nec
532 1345 578 1404 ipse
594 1356 670 1404 postea
687 1363 699 1389 a
715 1345 777 1404 Pila-

97 1440 121 1473 to
141 1428 229 1487 petivit,
251 1429 277 1470 ut
295 1426 337 1471 sihi
357 1442 437 1486 eorpus
459 1426 516 1468 Jesu.
531 1423 681 1484 sepeliendum
695 1425 777 1469 trade-2

96 1520 170 1564 retur,
183 1507 247 1569 >quod
261 1524 312 1551 sane
328 1518 375 1550 crat
385 1506 469 1549 facinus
484 1504 578 1565 periculi
594 1504 703 1565 plenum,
717 1507 776 1550 conf.

95 1592 164 1634 Mare.
185 1589 241 1634 XV:
264 1588 309 1640 45,
333 1586 489 1643 sed'Josepho
511 1597 595 1629 tantum
616 1594 639 1629 se
659 1584 775 1644 adjunxit,

97 1670 157 1715 conf.
172 1671 249 1713 Joann.
263 1668 334 1712 XIX:
358 1668 386 1713 58
402 1683 480 1727 seqq„
502 1677 527 1708 ut
546 1665 617 1709 solent
630 1666 729 1710 homines
743 1669 775 1711 ti·
795 1694 797 1701 ι

94 1750 149 1795 midi
172 1749 230 1794 nihil
252 1749 376 1808 suscipere,
400 1748 444 1790 nisi
467 1747 577 1802 habeant,
609 1749 670 1812 cujus
693 1764 774 1793 exem·.

93 1832 156 1892 plum
171 1843 192 1874 et
207 1831 359 1874 auctoritatem
374 1839 500 1888 sequantur.

125 1911 204 1956 Talem
224 1912 289 1968 igitur
308 1910 433 1963 hominem,
454 1909 508 1969 qui,
532 1923 579 1968 quc
600 1909 674 1952 minus
691 1911 772 1966 justam

94 2009 180 2037 causam
207 1990 296 2051 publice
321 1990 485 2049 amplectatur,
518 1989 611 2033 aliorum
641 2000 701 2032 metu
726 1987 768 2030 de-

94 2084 202 2127 terretur,
234 2070 289 2133 quid
318 2070 408 2115 tandem
436 2070 546 2114 facturum
567 2070 728 2124 existimemus,
751 2070 770 2111 si

92 2168 193 2210 magnum
223 2151 318 2213 aliquem
347 2143 457 2206 virum,
476 2156 541 2209 quem
576 2151 623 2211 ipse
651 2149 768 2211 suspiciat,

91 2445 129 2470 voit
143 2434 281 2481 Wesenberg,
300 2436 321 2472 in
341 2436 458 2485 scriptiones
478 2432 607 2481 Nicodamus,
621 2414 674 2484 Eine
686 2435 766 2488 Erziilt7

90 2504 144 2549 lang.
164 2505 299 2549 Brucltstu'elr,
316 2517 351 2541 cus
364 2508 421 2541 einen
431 2510 524 2555 ιξνϋεεενιι
539 2505 619 2544 Werte.
634 2508 687 2553 1829.
704 2505 765 2543 Cous.

89 2574 192 2610 censorin
206 2575 340 2622 Theologisclte
355 2575 520 2623 Quartalsolurft.
538 2577 581 2611 ates
602 2574 647 2613 {left
667 2575 721 2624 1829.
742 2587 762 2623 p.

88 2645 130 2690 748.
156 2642 225 2692 Ipsum
238 2644 380 2694 Wcsscuhergii
395 2645 468 2684 librum
481 2659 521 2691 non
535 2645 589 2692 ridi.>
