1697 2922
393 208 536 248 ...20-

159 322 272 384 Equidem
280 324 384 368 assentior
397 323 437 377 iis,
451 324 490 384 qui
499 327 575 364 ἄνωθεν
583 319 606 362 h.
616 321 632 364 l.
642 326 730 365 vertunt
737 337 795 365 rur-

129 422 171 450 sus
180 405 249 463 (eujus
264 402 427 461 significationis
436 392 535 462 exempla
543 413 662 446 occurrunt
672 400 720 447 Gal.
726 401 766 447 IV:
775 417 796 461 9.

129 485 228 546 Sapienn
235 485 304 530 XIX:
315 486 329 528 6
336 516 343 538 ,
360 493 382 525 et
396 481 585 544 apud-Joseplmm
598 479 735 543 aliquoties),
747 497 796 526 eum

128 577 222 626 propter
236 564 286 607 alias
302 563 413 618 rationes,
427 576 483 607 ¹tum
506 563 598 607 maxime
615 573 708 623 propter
724 565 795 609 Nico-

128 646 186 691 demi
205 645 372 705 responsionem
390 661 421 690 vs.
438 645 460 691 4.
475 665 502 677 ·-
524 644 556 689 At
574 643 705 689 Nicodamus
723 634 796 690 ambi-

127 729 206 784 gnitate
222 726 282 769 vocis
300 725 404 786 deeeptus
423 724 487 768 aliam
501 725 522 770 ei
536 725 667 768 sententiam
683 726 795 782 subjecit,

127 824 151 852 ae
172 808 231 851 Jesus
252 806 372 864 voluerat(
396 808 413 866 ).
429 829 457 839 -
481 806 538 862 Sed,
564 822 621 868 ‘quae
643 804 733 850 tandem
753 798 797 851 suit

74 920 81 926 -
126 889 167 932 ista
183 888 329 945 ambiguitas?
339 907 342 912 ⁸
352 889 437 950 Nempe
452 888 512 933 nulla
523 901 584 943 erat,
598 904 640 932 nec
653 895 697 932 ess'e
711 898 797 948 poterat

126 972 150 1013 iu
174 969 266 1014 dialecto
282 969 485 1031 Syro-Chaldaea,
510 987 556 1031 qua
571 969 646 1013 Judaei
662 980 716 1011 tunc
735 980 795 1011 tem-

126 1051 185 1109 poris
201 1051 320 1094 utebantur
333 1050 373 1108 (ν).
386 1070 414 1080 -··
425 1050 543 1106 :Sit-igitur
559 1053 636 1091 ἄνωθεν
648 1048 766 1104 γεννηθῆναι
779 1048 795 1092 i.

125 1148 147 1190 q.
165 1134 333 1186 ἀναγεννηθῆναι,
355 1142 380 1173 ut
401 1130 492 1191 proprie
509 1118 618 1187 significet
640 1130 729 1174 iterum
748 1145 794 1173 na-

125 1213 178 1264 soi,
190 1207 334 1270 regenerari.
373 1210 428 1254 Inde
448 1210 577 1254 transfertur
599 1209 626 1253 ad
647 1204 794 1266 mentisfmu-

70 1332 72 1337 ,
126 1292 230 1334 tationem
242 1293 266 1335 in
283 1291 383 1346 melius„
399 1301 441 1351 qna
457 1292 506 1350 quis
519 1292 671 1346 immutatur,
692 1302 717 1334 ut
729 1290 796 1352 plane
837 1343 844 1356 Ι

124 1387 195 1415 novus
210 1370 278 1414 homo
294 1372 344 1426 fiat,
369 1388 395 1415 ac
409 1370 483 1414 denuo
499 1382 562 1414 natus
578 1369 624 1413 dici
638 1370 715 1430 possit.
738 1371 795 1413 Cum

124 1461 196 1495 autem
218 1451 352 1511 proselytae
365 1450 430 1494 talem
451 1451 595 1493 mutationem
618 1449 793 1509 profiterentur,

123 1541 145 1574 et
162 1530 220 1573 hane
241 1531 271 1574 oh
294 1546 378 1574 causam
397 1530 577 1590 baptizarentur,
605 1529 623 1573 is
646 1540 720 1589 postea
742 1546 794 1574 usus

123 1610 231 1663 invainit,
260 1623 285 1655 ut
311 1610 365 1654 illud
390 1614 466 1657 ἄνωθεν
484 1617 615 1667 γεννηθῆναι,
645 1609 690 1655 sive
717 1616 793 1668 ἀναγεν,

124 1698 205 1746 mutan
226 1691 254 1737 de
276 1693 381 1753 baptismi
400 1693 445 1735 ritu
464 1703 612 1752 usurparetur.
643 1692 703 1736 Haeo
723 1694 794 1748 ratio,

122 1776 196 1831 nescio
210 1775 322 1835 quomodo
338 1772 414 1832 melius
429 1773 471 1823 rei,
480 1783 571 1816 naturae
594 1772 709 1826 convenit,
727 1789 794 1833 quam

123 1860 178 1899 ratio
193 1871 283 1909 eorum,
300 1855 339 1914 qui
353 1851 414 1896 illam
428 1852 545 1897 formulam
560 1850 699 1913 primum'de
714 1854 793 1914 bapti-

121 1936 162 1979 smi
178 1936 223 1979 ritu
237 1946 378 1995 usurpatam,
395 1932 475 1976 deinde
486 1931 519 1975 ad
535 1933 602 1975 animi
618 1932 793 1978 emendationem

122 2016 248 2060 translatam
265 2033 311 2061 esse
326 2026 412 2076 putent.
445 2016 510 2060 Certe
532 2013 613 2058 frustra
632 2013 660 2057 ad
680 2014 793 2059 historiam

119 2110 256 2159 provocant,
274 2113 324 2142 cum
334 2096 362 2140 de
373 2096 476 2157 baptismi
491 2094 649 2155 proselytarum
664 2095 792 2157 antiquitate

118 2182 160 2223 riri
183 2178 245 2222 docti
268 2195 399 2239 magnopere
422 2177 551 2222 dissentiant
567 2177 607 2236 (5).
639 2175 714 2236 Quam
729 2175 802 2218 litem>

146 2380 176 2424 (ν)
191 2379 220 2415 lta
234 2376 270 2424 iam
285 2376 449 2423 Theophyloetus‚
464 2388 484 2425 p.
498 2378 549 2425 595,
563 2390 580 2414 a.

146 2461 176 2504 (ν)
192 2458 248 2497 Conf.
277 2458 358 2493 Grotius
378 2457 403 2494 ad
422 2459 442 2495 h.
456 2458 469 2496 l.
494 2458 611 2503 Karpates,
634 2456 648 2494 l.
665 2453 679 2494 l.
705 2467 726 2506 p.
745 2457 789 2495 205.

119 2531 238 2566 Kuinoetius
251 2528 275 2565 ati
289 2528 308 2566 h.
322 2528 336 2566 l.
349 2541 371 2579 p.
385 2532 428 2566 225.

145 2610 175 2658 (5)
190 2609 247 2646 Conf.
267 2609 348 2653 Iff'olfius
364 2609 384 2646 in
403 2609 455 2647 Cum
471 2607 495 2645 ad
508 2607 582 2646 Μανῆν,
594 2607 688 2654 ΙΙΙε’55,
707 2614 727 2645 et
741 2618 788 2656 quos

118 2680 184 2717 lainlat
201 2679 310 2725 Bergan,
333 2678 374 2718 1.1.
394 2691 415 2728 p.
436 2692 476 2727 ³¹7·
497 2685 537 2717 not.
556 2691 573 2717 r.
599 2678 711 2717 Universam
729 2689 789 2727 quae-
