1697 2922
373 183 458 221 ..22
487 206 519 220 -ψ,

109 297 244 356 gnificaverit
263 296 376 354 Servator,
400 315 459 360 quae
476 297 562 343 Judaeis
578 295 648 342 solum
663 300 782 343 necessaria
839 295 842 304 ³

108 391 164 422 esset
179 377 220 439 (rJ.
252 379 325 439 Quam
340 380 543 439 interpretationem
559 379 591 422 ita
605 377 740 432 defendunt,
756 390 782 422 ut
820 405 823 410 Α

109 475 160 504 oum
178 475 218 504 usu
233 457 341 519 loquendi
355 472 401 501 non
415 475 516 520 ,pugnare
533 458 615 504 dicant.
647 459 717 520 Atqui
733 475 781 504 non

109 539 160 584 satis
177 551 221 594 est,
236 539 255 581 si
267 539 420 598 interpretatio
437 550 487 584 cum
500 555 541 583 usu
553 538 662 600 loquendi
677 557 722 584 non
736 556 781 600 pu-

107 632 173 677 gnat3
195 616 250 663 iliud
267 619 419 681 requirimus,‘
434 631 460 664 ut
481 636 508 664 eo
531 618 612 663 diserte
630 619 781 665 confirmetur.

108 701 153 745 Sed
168 700 287 743 accuratius
302 699 425 757 videamus,
441 699 496 761 quid
511 700 616 743 afferant·
629 701 715 761 Nempe
730 717 781 744 sae-

108 783 157 842 pius
167 796 237 836 ¹‚voees
254 791 275 824 et
292 780 410 837 formulam
434 797 528 843 quarum
548 798 598 827 usus
624 779 687 825 latins
709 793 782 841 patet,

74 916 79 924 μ
108 860 267 917 significatione
283 864 401 919 angustiori
420 864 474 924 poni
492 862 569 908 solere·
599 864 717 925 Jamqnis
737 878 783 906 non

107 940 169 985 videt
186 943 308 993 istiusmodi
328 945 490 1004 observationes
508 960 555 988 non
571 945 654 1005 ubique
673 959 719 986 esse
742 944 781 985 in-

109 1022 249 1068 trudendas?
273 1025 389 1084 Quaenam
408 1037 441 1069 est
457 1025 626 1085 interpretatio,
648 1035 692 1083 tam
705 1023 785 1067 absur-

109 1103 151 1159 da,
165 1116 219 1150 <tam
243 1117 359 1162 contorta,
383 1099 439 1167 quae
459 1107 501 1159 hae
523 1107 609 1152 ratione
633 1105 724 1149 defendi
739 1122 786 1150 non

107 1185 195 1244 possit?
217 1185 300 1244 Quid?
323 1185 385 1247 quod
405 1187 467 1232 nulla
480 1189 595 1232 necessitas
610 1188 737 1244 nos'cogit‚
760 1197 786 1230 ut

109 1265 165 1310 haec
180 1264 208 1309 de
221 1265 306 1312 Judaeis
322 1268 373 1313 solis
388 1269 564 1328 interpretemur.
589 1269 714 1314 Provocant
726 1268 783 1310 hane

110 1345 201 1389 iurem
219 1346 320 1406 inprimis
338 1347 366 1391 ad
391 1363 423 1392 vs,
439 1348 527 1407 7‚nbi
549 1346 606 1390 illud
620 1351 671 1400 ὑμᾶς
691 1346 784 1406 empha-

113 1427 156 1469 tice
171 1427 288 1487 accipiunt
321 1427 380 1486 *Sed
393 1426 476 1470 nuliam
497 1428 531 1470 ihi
547 1426 662 1486 emphasin
677 1427 784 1486 reperiri,

112 1505 170 1551 infra
183 1508 248 1561 satis,
258 1509 345 1566 opinor,
359 1508 546 1567 probabimus—
561 1507 709 1565 Acquiescam
719 1507 785 1561 igitur

112 1587 138 1631 in
159 1603 235 1638 eorum
263 1589 360 1645 ratione,
385 1590 424 1647 qui
451 1603 498 1630 earn
517 1587 540 1630 h.
559 1587 575 1630 l.
597 1589 785 1644 regenerationem

112 1666 252 1723 intelligunt,
275 1683 330 1727 quae
353 1683 404 1712 vera
423 1669 480 1712 vitae
500 1667 611 1728 animique
634 1664 786 1711 emendatione

112 1758 215 1799 cernatur
230 1746 271 1804 (2J.
306 1746 353 1790 Hae
370 1747 533 1804 regeneratione
551 1747 582 1789 ita
605 1745 672 1789 horno
689 1747 713 1789 in
734 1761 786 1788 rne-

110 1825 153 1869 lius
177 1838 284 1881 mutatur,
311 1839 337 1869 ut
360 1842 435 1871 sensus
464 1824 570 1870 obediant
594 1827 688 1880 rationi,
710 1837 736 1868 ut
759 1841 786 1869 ex

113 1913 200 1963 σαρκικῷ
213 1909 251 1951 fiat
265 1913 396 1960 πνευματικός
429 1909 492 1966 Quae
512 1906 626 1965 explicatio
640 1908 723 1965 optime
736 1905 787 1949 usui

111 1987 219 2049 loquendi
242 1988 358 2050 convenit,
384 1988 445 2049 quod
471 1987 573 2031 concedit
598 1987 785 2036 etiam-Kuinoe-¹

111 2066 153 2110 lius
170 2068 210 2126 (5).
240 2069 318 2128 Neque
332 2083 383 2114 vero
400 2067 456 2112 illud
471 2079 532 2112 reete
548 2068 653 2124 objicitur
667 2068 712 2125 (4),
729 2065 782 2110 nul-

111 2147 153 2191 lam
169 2148 236 2193 fuisse
251 2166 347 2204 cansam,
370 2165 408 2192 our
429 2150 490 2192 Jesus
511 2147 569 2191 hano
594 2150 783 2204 regenerationem

112 2227 252 2285 Nicodemo,
274 2229 359 2273 homini
387 2231 475 2290 probo,
500 2229 675 2285 commendaret,
697 2227 782 2288 quippe

136 2431 167 2477 (1)
182 2433 320 2479 Eumenous,
333 2432 348 2470 l.
360 2433 375 2472 l.
386 2446 408 2483 p„
422 2430 467 2474 iffi.
491 2435 622 2483 Koiranos,
640 2447 660 2485 pr
673 2436 709 2473 225
717 2460 723 2483 ,
737 2432 782 2472 alit*

138 2499 167 2550 (a)
181 2500 236 2541 Conf.
248 2502 364 2552 Isuappinr,
379 2503 394 2544 l.
407 2504 420 2544 l.
433 2519 454 2556 p.
467 2510 511 2545 208.

138 2572 170 2618 (a)
184 2570 197 2609 1.
212 2572 224 2610 ι,
238 2586 257 2620 p.
271 2578 314 2611 224.

136 2640 165 2691 (lrJ
178 2641 306 2690 Kuinerhns,
322 2642 335 2682 l.
349 2643 363 2682 Ι.
