1697 2922
340 193 482 234 ...13-

76 307 263 370 comparabimus,
288 307 424 366 reperiemus
451 304 573 366 profecto‚=
597 303 649 348 huie
675 320 745 365 quac-

74 387 126 434 dam
144 388 246 442 licuisse,
270 403 326 451 quae
346 386 423 432 eadem
442 388 466 431 in
481 385 603 432 Nicodemo
619 385 745 445 reprehen-

73 468 147 513 denda
157 481 239 514 erant·
257 467 420 519 ScilicctPetri
433 480 479 512 erat
496 464 744 523 fervidumingenium,

46 565 47 568 ’
72 550 189 595 utstatim
209 548 307 604 diceret,
322 558 478 612 ‘quaecunque
494 548 618 606 cogitarem
643 543 746 592 Nicode-

31 619 35 621 ”
69 640 133 686 mus,
149 629 216 674 homo
227 609 299 674 lenuis
311 646 336 674 ac
352 628 452 685 timidus,
467 627 645 698 circumspectius
662 625 746 683 cogita-
791 663 793 666 ,

70 711 127 764 hat,
141 726 205 771 ¹quae
219 710 309 756 diceret.
340 705 380 755 Ille
400 713 418 755 si
437 706 527 773 quando
540 709 614 754 Jesum
631 705 746 761 laudaret,

71 792 168 836 veritatis
191 793 214 837 vi
237 789 324 836 coactus
346 791 389 835 hoc
409 790 586 847 faciebat„l1ie
599 788 703 850 inprimis
721 786 747 831 iat

69 871 241 917 benivolentiam
262 882 368 931 captaret.
388 870 435 914 'Ex
453 874 502 931 'quo
514 869 578 914 facilc
601 869 745 927 intelligitur,

71 968 139 1011 quare
154 951 257 996 Servatur
274 951 335 995 illum
347 950 435 995 felicem
450 948 619 1010 praedicaverit,
636 949 688 992 huic
702 966 745 992 au-

69 1044 115 1075 tem
131 1032 243 1094 aliquanto
257 1027 333 1076 durius
348 1030 494 1092 responderit.
525 1030 616 1085 Praeter
629 1029 746 1075 haecNa·

69 1112 175 1156 thanaelis
191 1123 213 1155 et
227 1111 287 1156 Petri
293 1122 302 1167 ,’
316 1110 441 1155 elia'etiem
460 1111 533 1156 afferri
552 1127 617 1171 posse
631 1109 744 1170 exempla,

68 1193 141 1253 probe
161 1193 223 1243 scio,
245 1209 301 1252 quae
323 1203 409 1246 tamen,
433 1198 483 1237 cum
504 1193 576 1237 omnia
599 1191 676 1236 eodem
696 1192 744 1235 fere

68 1271 137 1316 modo
159 1271 263 1334 explicari
283 1271 384 1333 possint,
408 1288 455 1317 non
476 1288 533 1333 opus
558 1283 605 1327 est,
628 1282 654 1315 ut
677 1270 745 1315 fusius

69 1364 197 1399 tractemus·

100 1433 167 1492 Quae
184 1434 291 1478 hactenus
308 1433 466 1495 disputavimus
487 1436 536 1480 satis
557 1433 683 1489 declarant,
704 1451 745 1479 cur

68 1512 130 1556 Jesus
150 1512 273 1557 Nicodemo
284 1513 406 1574 ¹⁴aliquanto
423 1514 500 1559 durius
518 1514 665 1575 responderit.
697 1514 744 1559 Sed

69 1604 141 1635 tamen
163 1608 242 1652 parum
262 1592 291 1637 ad
311 1586 355 1637 loci
378 1591 543 1651 intelligentiam
555 1618 556 1622 =
568 1595 742 1655 profecerimus,

61 1673 110 1716 ¹nisi
129 1671 184 1716 illud
208 1674 273 1717 etiam
300 1674 416 1720 ostendere
436 1677 572 1736 poterimus,
596 1691 636 1719 cur
654 1676 679 1720 ei
697 1677 742 1719 lucc

66 1749 187 1812 potismum
201 1754 270 1797 modo
285 1754 434 1815 responderit.

66 1851 68 1853 ·
95 1833 196 1877 'Primum
213 1835 329 1879 excitemus
349 1833 674 1894 sententiamSchmidtii“(1)‚
700 1835 742 1896 qui

66 1907 143 1973 putam
174 1913 321 1959 Nicodemum
349 1915 391 1960 alio
415 1917 460 1972 jam
486 1927 585 1977 tempore
611 1924 667 1960 ‘cum
690 1917 742 1961 Jesu

66 1994 200 2039 collocutum
211 2019 212 2023 =
224 1995 314 2052 fuisse,¹
333 1999 394 2053 cujus
417 1996 530 2058 colloquii*
549 1997 741 2041 continuationem

53 2075 87 2137 ‚1¹⁶
104 2074 120 2118 l.
138 2075 227 2120 relatam
248 2076 297 2135 legi.
337 2080 410 2138 Quam
430 2094 514 2122 merem
530 2095 575 2122 esse
592 2079 740 2134 conjecturam

63 2172 128 2221 nemo
147 2173 194 2201 non
222 2157 298 2214 videt,
329 2172 352 2204 et
374 2175 468 2216 vereor,
492 2176 521 2203 ne
543 2145 586 2203 hoc
606 2159 648 2215 sit,
676 2156 740 2219 quod

63 2224 139 2293 ajunt,
156 2235 243 2293 nodum
263 2255 342 2285 secare.
377 2242 443 2286 Certe
470 2237 740 2290 Schmidtii'sententiam

62 2328 87 2359 ut
108 2318 150 2377 ipsi
174 2316 263 2363 difficile
283 2332 330 2365 erat
354 2320 501 2376 confirmare,
528 2322 560 2365 sic
583 2304 649 2365 uobis
674 2319 737 2362 diffi-

62 2394 102 2439 cile
126 2409 159 2441 est
180 2398 282 2445 refutare.
320 2400 367 2445 Nec
395 2417 447 2447 vero
471 2401 596 2464 quidquam
617 2399 645 2445 ad
667 2401 738 2445 nosui

60 2475 104 2520 loci
129 2467 294 2539 intelligentiam
307 2482 394 2540 affert,
424 2484 465 2528 nisi
489 2482 542 2527 aliae
564 2484 641 2537 etiam,
665 2499 736 2544 aeque

67 2589 324 2602 ——t--n-n-..n

86 2653 116 2701 (1)
133 2653 146 2692 l.
161 2666 220 2705 supra
233 2655 254 2703 l..
