1697 2922
322 125 471 166 -63-

90 258 160 291 terum
170 244 198 289 ad
207 249 307 285 nostrum
322 238 457 300 colloquium
465 234 619 297 explicandum
627 234 727 297 vindiea-

89 339 153 380 rent‚
163 323 190 367 ad
201 339 233 368 vs.
243 339 270 367 ro
277 323 378 382 inprimis
390 329 545 378 provocarunt.
560 317 615 361 Nam
626 314 729 377 quodibi

88 408 149 450 Jesus
165 402 265 457 miratur,
279 399 424 445 Nicodemum
431 395 616 455 regenerationem
627 396 728 452 ignoras-

88 500 123 537 se,
141 480 166 525 id
181 491 265 527 tantum
283 481 312 526 de
328 481 492 539 regeneratione
509 482 534 526 ἐξ
550 480 642 524 ὕδατος
656 476 728 521 inter-

86 573 216 624 pretantem
234 564 297 625 quasi
308 562 397 608 dixisset
412 562 528 606 servator:
546 561 575 606 Si
587 561 727 619 ignorares,

88 645 148 703 quid
160 653 223 689 esset
235 651 354 699 γεννηθῆναι
368 648 390 686 ἐν
403 649 523 697 πνεύματος,
537 658 584 685 non
595 641 667 685 valde
679 641 728 684 mi·

88 740 157 768 rerer
161 744 172 779 ,-
188 726 232 769 sed
242 731 361 782 γεννηθῆναι
374 728 395 770 ἐξ
408 727 480 770 ὕδατος
494 722 729 780 intelligereoportet

87 803 172 849 Gentis
186 806 340 850 Israelitieae
363 804 498 858 doctorem,
522 806 563 863 qui
573 804 727 865 'baptismum

80 886 259 944 proselytorum
277 885 419 941 cognoverit.
451 881 496 924 Hos
510 882 576 938 igitur
592 883 622 926 ita
640 884 725 927 refuta-

85 965 116 1011 vit
133 963 385 1020 Schneokenburgerus‚
411 975 437 1007 ut
447 964 500 1007 ¹Jesn
517 963 685 1008 admirationem
699 966 728 1010 ad

84 1045 272 1102 regenerationem
288 1044 312 1088 in
326 1045 451 1088 universum
462 1043 584 1105 pertinere,
600 1055 666 1106 atque
681 1061 728 1090 non

84 1125 153 1172 modo
170 1125 199 1169 ad
216 1142 247 1170 vs.
262 1128 293 1181 5,
315 1125 355 1169 sed
376 1111 487 1171 etiamad
505 1128 567 1171 γωδ
588 1124 728 1171 referendam

85 1223 130 1251 esse
149 1206 282 1251 ostenderet.

57 1287 95 1333 Ad
109 1302 159 1348 pag.
177 1289 213 1331 50,
244 1285 339 1330 Judaeos
352 1287 377 1329 in
391 1303 416 1330 ea
430 1285 494 1330 fnisse
510 1287 627 1348 opinione,
642 1298 668 1330 ut
680 1302 726 1347 pn-

87 1378 176 1422 tarent‚
197 1368 299 1411 Messinm
317 1369 409 1427 ejusque
425 1383 543 1425 praecones
559 1367 668 1427 populum
683 1368 727 1411 ba-

88 1447 208 1507 ptizatnros
222 1462 282 1500 esse,
298 1446 383 1502 negavit
390 1447 524 1500 Reicbizrs,
538 1445 553 1489 l.
566 1445 582 1494 l.
590 1447 615 1490 in
628 1447 726 1491 Excur-¹

87 1542 131 1579 sn,
148 1542 170 1585 p.
189 1527 285 1585 76-80.
316 1525 370 1570 Sed.
381 1526 441 1570 huno
457 1527 485 1570 ita
501 1526 605 1571 refutavit
621 1527 726 1570 Selmen-

88 1605 262 1664 kmdurgerus,
279 1604 294 1648 l.
309 1603 324 1653 l.
343 1590 375 1665 ps
386 1607 415 1652 56
437 1621 517 1667 seqq.⁹
539 1617 566 1650 ut
582 1606 649 1653 cuivis
663 1604 728 1650 facile

87 1699 228 1744 persuasurus
242 1687 278 1730 sit.
